Account Name       :                	Mr. SATHEESH DAVILSON  SHABARIAMMA
Address            :	POIPALLI VILAKOM,SOUTH KOLLEMCODE
                                    	POZHIYOOR PO
                                    	TRIVANDRUM-695513
                                    	Thiruvananthapuram
Date               :                	31 Jan 2024
Account Number     :	_00000020175171499
Account Description:	REGULAR SB CHQ-INDIVIDUALS
Branch             :	TECHNOPARK
Drawing Power      :	0.00
Interest Rate(% p.a.):	2.7
MOD Balance      :	0.00
CIF No.          :	_86706174943
IFS (Indian Financial System) Code         :	SBIN0007617
MICR (Magnetic Ink Character Recognition)  Code        :	_695002017
Nomination Registered    :	Yes 
Balance on 27 Jan 2024        :	1,20,604.36
Start Date          :	27 Jan 2024
End Date            :	31 Jan 2024
Txn Date	Value Date	Description	Ref No./Cheque No.	        Debit	Credit	Balance	
27 Jan 2024	27 Jan 2024	   TO TRANSFER-UPI/DR/402770974189/Mr Babu /IDIB/babujude41/break--	TRANSFER TO 4897695162091	750.00	 	1,19,854.36
27 Jan 2024	27 Jan 2024	   TO TRANSFER-UPI/DR/402781246997/AJEESH B/YESB/q894396736/lunch--	TRANSFER TO 4897695162091	890.00	 	1,18,964.36
27 Jan 2024	27 Jan 2024	   TO TRANSFER-UPI/DR/402795764362/NAKSHATR/HDFC/nakshatram/Cerel--	TRANSFER TO 4897695162091	541.00	 	1,18,423.36
27 Jan 2024	27 Jan 2024	   TO TRANSFER-UPI/DR/439328937612/Mr MANOJ/PYTM/paytmqr281/groce--	TRANSFER TO 4897695162091	116.00	 	1,18,307.36
28 Jan 2024	28 Jan 2024	   TO TRANSFER-UPI/DR/402821432885/Indian O/YESB/q335357933/petro--	TRANSFER TO 4897696162090	1,000.00	 	1,17,307.36
28 Jan 2024	28 Jan 2024	   TO TRANSFER-UPI/DR/402827191838/TVM RICE/YESB/q328767666/food--	TRANSFER TO 4897696162090	260.00	 	1,17,047.36
28 Jan 2024	28 Jan 2024	   TO TRANSFER-UPI/DR/402813586576/Primadyne/PYTM/paytmqr281/food--	TRANSFER TO 4897696162090	26.00	 	1,17,021.36
28 Jan 2024	28 Jan 2024	   TO TRANSFER-UPI/DR/402826253080/PARKING /YESB/q301060902/parki--	TRANSFER TO 4897696162090	30.00	 	1,16,991.36
29 Jan 2024	29 Jan 2024	   TO TRANSFER-UPI/DR/402947393978/GRINGOTT/PYTM/paytmqr281/lunch--	TRANSFER TO 4897690162095	125.00	 	1,16,866.36
29 Jan 2024	29 Jan 2024	   TO TRANSFER-UPI/DR/402952528747/GRINGOTT/PYTM/paytmqr281/tea--	TRANSFER TO 4897690162095	33.00	 	1,16,833.36
29 Jan 2024	29 Jan 2024	   TO TRANSFER-UPI/DR/439523328213/NAKSHATR/HDFC/nakshatram/medic--	TRANSFER TO 4897690162095	215.00	 	1,16,618.36
30 Jan 2024	30 Jan 2024	   TO TRANSFER-UPI/DR/403092762627/UNICORN /HDFC/unicornhos/tea--	TRANSFER TO 4897691162095	100.00	 	1,16,518.36
31 Jan 2024	31 Jan 2024	   BY TRANSFER-UPI/CR/439756485324/JAMES D/ICIC/j2306393@o/UPI--	TRANSFER FROM 4897734162099	 	1,000.00	1,17,518.36

**This is a computer generated statement and does not require a signature

